<?xml version="1.0" encoding="UTF-8"?><record xmlns="http://www.loc.gov/MARC21/slim" xmlns:cinclude="http://apache.org/cocoon/include/1.0" xmlns:zs="http://www.loc.gov/zing/srw/">
  <leader>00366nz  a2200121n  4500</leader>
  <controlfield tag="001">n  87122643 </controlfield>
  <controlfield tag="003">DLC</controlfield>
  <controlfield tag="005">19870826121308.3</controlfield>
  <controlfield tag="008">870826n| acannaab|          |n aad |||  </controlfield>
  <datafield tag="010" ind1=" " ind2=" ">
    <subfield code="a">n  87122643 </subfield>
  </datafield>
  <datafield tag="040" ind1=" " ind2=" ">
    <subfield code="a">DLC</subfield>
    <subfield code="c">DLC</subfield>
  </datafield>
  <datafield tag="100" ind1="1" ind2="0">
    <subfield code="a">Weaver, G. H.</subfield>
  </datafield>
  <datafield tag="670" ind1=" " ind2=" ">
    <subfield code="a">nuc87-84424: Tedder, P.L. Application of timber ram ... 1978</subfield>
    <subfield code="b">(hdg. on NcD rept.: Weaver, G. H.; usage: G.H. Weaver)</subfield>
  </datafield>
</record>